@article{studiebmwi,
  title={IT-Sicherheit f{\"u}r die Industrie 4.0},
  author={Bachlechner, Daniel and Behling, Thorsten and Bollh{\"o}fer, Esther and Dexheimer, Thomas and Borges, Georg and Gr{\"o}ne, Michael and others},
  url={http://www.bmwi.de/Redaktion/DE/Publikationen/Studien/it-sicherheit-fuer-industrie-4-0.html},
  year={2016},
  publisher={Bundesministerium f√ºr Wirtschaft und Energie},
}

@article{chelseajumbo,
  title={Ethernet Jumbo Frames The Good, the Bad and the Ugly},
  author={Chelsio Communications},
  year={2005},
  url={https://www.chelsio.com/assetlibrary/solutions/Chelsio_Jumbo_Enet_Frames.pdf}
}

@article{pfitzmann2012security,
  title={Security in IT networks: Multilateral security in distributed and by distributed systems},
  author={Pfitzmann, Andreas},
  journal={Lecture Notes, Technische Universitaet Dresden},
  year={2012},
  url={https://dud.inf.tu-dresden.de/~sk13/TUD-Web-CMS/LV/SaC-II/Script.pdf}
}


@inproceedings{hubert2002linux,
  title={Linux advanced routing \& traffic control},
  author={Hubert, Bert and Graf, Thomas and Maxwell, Greg and van Mook, Remco and van Oosterhout, Martijn and Schroeder, P and Spaans, Jasper and Larroy, Pedro},
  booktitle={Ottawa Linux Symposium},
  pages={213},
  year={2002}
}


@misc {pfleeger2015security,
author = { Pfleeger, Charles P. Margulies, Jonathan AND Pfleeger, Shari Lawrence },
title = { Security in computing },
edition = { Fifth edition (Online-Ausg.) } ,
publisher = {Prentice Hall,},
isbn = {0134085078},
isbn = {9780134085043},
isbn = {9780134085074},
isbn = {0134085043},
keywords = { Computer security , Data protection , Privacy, Right of },
year = {2015},
abstract = {Includes bibliographical references and index.},
address = { Upper Saddle River, NJ : },
url = { http://slubdd.de/katalog?TN_libero_mab216370339 }
}
@misc{computersecurity,
author = { Easttom, Chuck },
title = { Computer security fundamentals },
edition = { Third edition (Online-Ausg.) } ,
publisher = {Pearson},
year = {2016},
address = { Indianapolis, Indiana : },
url = { http://slubdd.de/katalog?TN_libero_mab216454567 }
}

@ARTICLE{ieee-802-1-x,
author={WG802.1 - Higher Layer LAN Protocols Working Group},
editor={Mick Seaman},
journal={IEEE Std 802.1X-2010 (Revision of IEEE Std 802.1X-2004)},
title={IEEE Standard for Local and metropolitan area networks--Port-Based Network Access Control},
year={2010},
pages={1-205},
doi={10.1109/IEEESTD.2010.5409813},
month={Feb},}

@INPROCEEDINGS{miceandelephants,
author={Liang Guo and I. Matta},
booktitle={Proceedings Ninth International Conference on Network Protocols. ICNP 2001},
title={The war between mice and elephants},
year={2001},
volume={},
number={},
pages={180-188},
doi={10.1109/ICNP.2001.992898},
ISSN={},
month={Nov},}

@techreport{RFC1594,
  author = {A. Marine and J. Reynolds and G. Malkin},
  title = {{FYI on Questions and Answers - Answers to Commonly asked "New Internet User" Questions}},
  howpublished = {Internet Requests for Comments},
  type = {RFC},
  number = {1594},
  year = {1994},
  month = {March},
  issn = {2070-1721},
  publisher = {RFC Editor},
  institution = {RFC Editor},
}


@techreport{isoosi1994,
type = {Standard},
key = {ISO/IEC 7498-1:1994},
year = {1994},
title = {{IEC 7498-1 1994: Information Technology--Open Systems Interconnection--Basic Reference Model: The Basic Model}},
volume = {1994},
address = {Geneva, CH},
institution = {International Organization for Standardization},
url={http://standards.iso.org/ittf/PubliclyAvailableStandards/s020269_ISO_IEC_7498-1_1994(E).zip}
}

@book {tanenbaum2011networks,
author = { Tanenbaum, Andrew S. AND Wetherall, David },
title = { Computer networks},
edition = { 5. ed., international ed. } ,
publisher = {Pearson,},
isbn = {9780132553179},
isbn = {0132553171},
keywords = { Computer networks , Computer , Netzwerk },
year = {2011},
abstract = {Previous ed.: 2003.},
address = { Boston [u.a.] : },
url = { http://slubdd.de/katalog?TN_libero_mab215325534 }
}

@techreport{macsec,
  author={WG802.1 - Higher Layer LAN Protocols Working Group},
  journal={IEEE Std 802.1AE-2006},
  title={IEEE Standard for Local and Metropolitan Area Networks: Media Access Control (MAC) Security},
  year={2006},
  pages={1-150},
  doi={10.1109/IEEESTD.2006.245590},
  month={Aug}
}

@ARTICLE{macsecamendment1,
author={WG802.1 - Higher Layer LAN Protocols Working Group},
journal={IEEE Std 802.1AEbn-2011 (Amendment to IEEE Std 802.1AE-2006)},
title={IEEE Standard for Local and metropolitan area networks--Media Access Control (MAC) Security Amendment 1: Galois Counter Mode--Advanced Encryption Standard-- 256 (GCM-AES-256) Cipher Suite},
year={2011},
pages={1-52},
doi={10.1109/IEEESTD.2011.6047536},
month={Oct},}

@techreport{RFC0793, author = {Jon Postel}, title = {Transmission Control Protocol}, howpublished = {Internet Requests for Comments}, type = {STD}, number = {7}, year = {1981}, month = {September}, issn = {2070-1721}, publisher = {RFC Editor}, institution = {RFC Editor}, url = {http://www.rfc-editor.org/rfc/rfc793.txt}, }

@techreport{RFC0792, author = {J. Postel},
 title = {Internet Control Message Protocol}, howpublished = {Internet Requests for Comments}, type = {STD}, number = {5}, year = {1981}, month = {September}, issn = {2070-1721}, publisher = {RFC Editor}, institution = {RFC Editor}, url = {http://www.rfc-editor.org/rfc/rfc792.txt}, }

@techreport{rfc7042,
  author = {D. Eastlake 3rd and J. Abley},
  title = {IANA Considerations and IETF Protocol and Documentation Usage for IEEE 802 Parameters},
  howpublished = {Internet Requests for Comments},
  type = {BCP},
  number = {141},
  year = {2013},
  month = {October},
  issn = {2070-1721},
  publisher = {RFC Editor},
  institution = {RFC Editor},
}

@techreport{RFC1191,
  author = {Jeffrey Mogul and Steve Deering},
  title = {{Path MTU discovery}},
  howpublished = {Internet Requests for Comments},
  type = {RFC},
  number = {1191},
  year = {1990},
  month = {November},
  issn = {2070-1721},
  publisher = {RFC Editor},
  institution = {RFC Editor},
  url = {http://www.rfc-editor.org/rfc/rfc1191.txt},
}


@techreport{rfc791,
  author = {Jon Postel},
  title = {Internet Protocol},
  howpublished = {Internet Requests for Comments},
  type = {STD},
  number = {5},
  year = {1981},
  month = {September},
  issn = {2070-1721},
  publisher = {RFC Editor},
  institution = {RFC Editor},
  url = {http://www.rfc-editor.org/rfc/rfc791.txt},
}

@techreport{lterlc,
  title = {LTE; Evolved Universal Terrestrial Radio Access (E-UTRA); Radio Link Control (RLC) protocol specification (3GPP TS 36.322 version 14.0.0 Release 14)},
  author = {3GPP},
  year = {2017},
  url={http://www.etsi.org/deliver/etsi_ts/136300_136399/136322/14.00.00_60/ts_136322v140000p.pdf}
}

@techreport{3gppr8,
 author = {3GPP},
 institution = {{3rd Generation Partnership Project (3GPP)}},
 title = {{ Release 8 }},
 type = {Technical Specifications (TS)},
 url = {https://portal.3gpp.org/Specifications.aspx?q=1&releases=182},
 year = {2006}
}

@techreport{ieeewlan,
author={WG802.11 - Wireless LAN Working Group},
journal={IEEE Std 802.11-2016 (Revision of IEEE Std 802.11-2012)},
title={IEEE Standard for Information technology--Telecommunications and information exchange between systems Local and metropolitan area networks--Specific requirements - Part 11: Wireless LAN Medium Access Control (MAC) and Physical Layer (PHY) Specifications},
year={2016},
pages={1-3534},
doi={10.1109/IEEESTD.2016.7786995},
month={Dec},}

% historical 802.11 Standard
@techreport{ieee80211hist,
author={WG802.11 - Wireless LAN Working Group},
journal={IEEE Std 802.11-1997},
title={IEEE Standard for Wireless LAN Medium Access Control (MAC) and Physical Layer (PHY) specifications},
year={1997},
pages={1-445},
keywords={LAN;ad hoc network;infrared;local area network;radio frequency;wireless},
doi={10.1109/IEEESTD.1997.85951},
month={Nov},}

@inproceedings{dubrocamacsec,
author={Sabrina Dubroca},
title={MACsec Encryption for the wired LAN},
year={2016},
month={Feb},
url={https://www.netdevconf.org/1.1/proceedings/slides/dubroca-macsec-encryption-wire-lan.pdf},
organization={Netdev1.1},
}
